
@online{bafu.admin,
    author    = "Wikipedia, the free encyclopedia",
    title     = "Brewing",
    url       = "https://en.wikipedia.org/wiki/Brewing#History",
    Year      = "2020"
}
